@misc{lectureNotes,
	title = {Non-relativistic and Relativistic Scattering Theory},
	author = {Bogner, S. and Hjorth-Jensen, M.},
	year = {2017},
	month = {Oct},
	howpublished = {url = {https://manybodyphysics.github.io/NuclearForces/}}
}
