@misc{lectureNotes,
	title = {Non-relativistic and Relativistic Scattering Theory},
	author = {Bogner, S. and Hjorth-Jensen, M.},
	year = {2017},
	month = {Oct},
	howpublished = {url = {https://manybodyphysics.github.io/NuclearForces/}}
}


@article{Nijmegen,
  title = {Partial-wave analysis of all nucleon-nucleon scattering data below 350 MeV},
  author = {Stoks, V. G. J. and Klomp, R. A. M. and Rentmeester, M. C. M. and de Swart, J. J.},
  journal = {Phys. Rev. C},
  volume = {48},
  issue = {2},
  pages = {792--815},
  numpages = {0},
  year = {1993},
  month = {Aug},
  publisher = {American Physical Society},
  doi = {10.1103/PhysRevC.48.792},
  url = {https://link.aps.org/doi/10.1103/PhysRevC.48.792}
}

